@book{CD,
  author = {D.E. Orin, A. Goswami and S. H. Lee},
  year = {2013},
  title = {Centroidal dynamics of a humanoid robot},
  publisher = { Auton. Robots, vol. 35, no. 2/3, pp. 161–176},
  address = {},
  edition = {}
}

@article{LIPM,
    author = {S. Kajita, F. Kanehiro, K. Kando, K. Yokoi and H. Hirukawa },
    title = {The 3D Linear Inverted Pendulum Mode: A simple modeling for a biped walking pattern generation}, 
    journal =  {National Institute of Advanced Industrial Science and Technology (AIST)} ,
    year = {2001}
}

@article{VHLIPM,
    author = {Stéphane Caron},
    title = {Biped Stabilization by Linear Feedback of the Variable-Height Inverted Pendulum Model},
    journal = {},
    year = {2019}
}

@article{SLIP,
    author = {I. Poulakakis and J. W. Grizzle},
    title = {The spring loaded inverted pendulum as the hybrid zero dynamics of an asymmetric hopper} ,
    journal = {IEEE Trans. Autom. Control, vol. 54, no. 8, pp. 1779–1793},
    year = {2009}
}

@article{LIPM_se1,
    author = {},
    title = {},
    journal = {},
    year = {}
}


@article{LIPM_se2,
    author = {},
    title = {},
    journal = {},
    year = {}
}

@article{ZMP_cf,
    author = {},
    title = {},
    journal = {},
    year = {}
}

@article{ZMP_sc1,
    author = {},
    title = {},
    journal = {},
    year = {}
}

@article{ZMP_sc2,
    author = {},
    title = {},
    journal = {},
    year = {}
}


@article{cd_c,
    author = {},
    title = {},
    journal = {},
    year = {}
}
@article{cd_se,
    author = {},
    title = {},
    journal = {},
    year = {}
}
@article{zmp_sr,
    author = {},
    title = {},
    journal = {},
    year = {}
}

@article{cwc,
    author = {},
    title = {},
    journal = {},
    year = {}
}